% [1]
@misc{openalea,
  howpublished="\url{http://openalea.gforge.inria.fr/dokuwiki/doku.php}",
  title={OpenAlea, Software Environment for Plant Modeling},
  year={2014},
  note="[Online; accessed 24-March-2014]",
  author="OpenAlea"
}
  
% [2]
@misc{abotany,
  howpublished="\url{http://algorithmicbotany.org/}",
  title={Algorithmic Botany},
  year={2014},
  note="[Online; accessed 24-March-2014]",
  author="{Algorithmic Botany}"
}
  
% [3]
@misc{plantrepo,
  howpublished="\url{http://en.wikipedia.org/wiki/Plant_reproduction}",
  title={Plant reproduction},
  year={2014},
  note="[Online; accessed 24-March-2014]",
  author="Wikipedia"
}
  
% [4]
@misc{lsystems,
  howpublished="\url{http://en.wikipedia.org/wiki/L-system#Example_7:_Fractal_plant}",
  title={L-system},
  year={2014},
  note="[Online; accessed 24-March-2014]",
  author="Wikipedia"
}

@inproceedings{treesketch,
  title={Treesketch: interactive procedural modeling of trees on a tablet},
  author={Longay, Steven and Runions, Adam and Boudon, Fr{\'e}d{\'e}ric and Prusinkiewicz, Przemyslaw},
  booktitle={Proceedings of the international symposium on sketch-based interfaces and modeling},
  pages={107--120},
  year={2012},
  organization={Eurographics Association}
}

@article{panspermia,
  title={Panspermia},
  author={Sims, Karl and others},
  journal={1991-71-KS, auch auf 1991-75-KS},
  year={1990}
}

@article{evolve,
  title={Evolution of virtual plants interacting with their environment},
  author={Bornhofen, Stefan and Lattaud, Claude},
  journal={Proceedings of VRIC. Laval, France},
  pages={172--176},
  year={2007}
}
